<record xmlns:xsi="http://www.w3.org/2001/XMLSchema-instance" xmlns="http://www.loc.gov/MARC21/slim" xsi:schemaLocation="http://www.loc.gov/MARC21/slim http://www.loc.gov/standards/marcxml/schema/MARC21slim.xsd">

  <leader>00545nam a2200157Ia 4500</leader>
  <datafield ind2=" " tag="999" ind1=" ">
    <subfield code="c">2082</subfield>
    <subfield code="d">2082</subfield>
  </datafield>
  <controlfield tag="008">180828b2003    cr ||||| |||| 00| | spa d</controlfield>
  <datafield ind1=" " tag="090" ind2=" ">
    <subfield code="a">13.09.02  </subfield>
    <subfield code="b">751</subfield>
  </datafield>
  <datafield ind1=" " tag="110" ind2=" ">
    <subfield code="a">Oficina Internacional del Trabajo</subfield>
    <subfield code="9">1240</subfield>
  </datafield>
  <datafield ind2="0" tag="245" ind1="1">
    <subfield code="a">Trabajo infantil y adolescente doméstico: una ventana al Marco Jurídico / </subfield>
    <subfield code="c">Oficina Internacional del Trabajo</subfield>
  </datafield>
  <datafield ind1=" " ind2=" " tag="260">
    <subfield code="a">San José, Costa Rica:</subfield>
    <subfield code="b">OIT, </subfield>
    <subfield code="c">2003</subfield>
  </datafield>
  <datafield ind1=" " tag="300" ind2=" ">
    <subfield code="a">23 páginas</subfield>
  </datafield>
  <datafield tag="650" ind2="4" ind1="1">
    <subfield code="a">DERECHOS DEL NIÑO</subfield>
    <subfield code="9">570</subfield>
  </datafield>
  <datafield tag="650" ind2="4" ind1="1">
    <subfield code="a">TRABAJO DE MENORES</subfield>
    <subfield code="9">1864</subfield>
  </datafield>
  <datafield ind1="1" ind2="4" tag="650">
    <subfield code="a">TRABAJO DOMESTICO</subfield>
    <subfield code="9">2382</subfield>
  </datafield>
  <datafield ind1=" " tag="942" ind2=" ">
    <subfield code="2">z</subfield>
    <subfield code="c">01</subfield>
  </datafield>
</record>